%%%西川修論のbibファイルを参考にすべし
%%%学術論文、書籍、web情報等で、それぞれに書き方がある



%%%%%%%%%%%%%%%%%%%%%%%%%%%%%%%%%%%%%%%
%学術論文等
%%%%%%%%%%%%%%%%%%%%%%%%%%%%%%%%%%%%%%
@article{aaa,
author = {Kuhn, D. and Wallace, Dolores and Jr, A.M.},
year = {2004},
pages = {418 - 421},
title = {Software Fault Interactions and Implications for Software Testing},
volume = {30},
journal = {Software Engineering, IEEE Transactions on},
doi = {10.1109/TSE.2004.24}
}
@article{
tachiyama1,
author = {立山博基 and 片山徹郎},
title = "{VDM}++仕様を基にした境界値テストケース自動生成ツール{BWDM}の試作について",
journal = "平成28年度 電気・情報関係学会 九州支部連合大会",
pages = {90},
year = "2016"
}
@article{
tachiyama2,
author = {立山博基 and 片山徹郎},
title = "{VDM}++仕様に対する境界値分析を用いたテストケース自動生成",
journal = "JaSST'16 九州",
pages = {32},
year = "2016"
}

@article {
tachiyama3,
author = "立山博基、片山徹郎",
title = "テストケース自動生成ツール{BWDM}の現状と課題",
journal = "宮崎大学工学部紀要 第46号",
pages = {269-274},
year = "2016"
}

@article {
tachiyama4,
author = "Hiroki Tachiyama、Tetsuro Katayama、Yoshihiro Kita、Hisaaki Yamaba、and Naonobu Okazaki",
title = "{Prototype of Test Cases Automatic Generation Tool BWDM Based on Boundary Value Analysis with {VDM}++}",
journal = "The 2017 International Conference on Artificial Life and Robotics(ICAROB 2017)",
pages = {275-278},
year = "2017"
}


@article {
tachiyama5,
author = "立山博基、片山徹郎",
title = "{VDM}++仕様を対象にしたテストケース自動生成ツール{BWDM}におけるif式の構造認識に基づいたテストケース生成手法の提案",
journal = "ソフトウェアシンポジウム 2017 in 宮崎 論文集",
pages = {13-21},
year = "2017"
}

@article {
tachiyama6,
author = "立山博基、片山徹郎",
title = "{VDM}++仕様を用いたテストケース自動生成ツール{BWDM}におけるif-then-else式の構造認識手法の提案",
journal = "ソフトウェアエンジニアリングシンポジウム 2017 論文集",
pages = {130-137},
year = "2017"
}

@article{tachiyama7,
  title={BWDM: test cases automatic generation tool based on boundary value analysis with VDM++},
  author={Katayama, Tetsuro and Tachiyama, Hiroki and Kita, Yoshihiro and Yamaba, Hisaaki and Aburada, Kentaro and Okazaki, Naonobu},
  journal={Journal of Robotics, Networking and Artificial Life},
  volume={4},
  number={2},
  pages={110--113},
  year={2017},
  publisher={Atlantis Press}
}

@article {
    tachiyama8,
    author = "Hiroki Tachiyama、Tetsuro Katayama、Tomohiro Oda",
    title = "Automated Generation of Decision Table and Boundary Values from {VDM}++ Specification",
    journal = "The 15th Overture Workshop: New Capabilities and Applications for Model-based Systems Engineering Technical Report Series, No. CS-TR-1513-2017",
    pages = {89-103},
    year = "2017"
}

@article{
hirakoba1,
author = {平木場風太 and 片山徹郎},
title = "{VDM}++仕様を対象としたテストケース自動生成ツール{BWDM}における境界値分析結果へのペアワイズ法の適用",
journal = "平成30年度 電気・情報関係学会 九州支部連合大会",
pages = {135-136},
year = "2018"
}


@article {
hirakoba2,
author = "Hirakoba, Futa and Katayama, Tetsuro and Kita, Yoshihiro and Yamaba, Hisaaki and Aburada, Kentaro and Okazaki, Naonobu",
title = "{Prototype of Test Cases Automatic Generation Tool {BWDM} Based on Boundary Value Analysis with {VDM}++}",
journal = "The 2019 International Conference on Artificial Life and Robotics(ICAROB 2019)",
pages = {161-164},
year = "2019"
}

@article {
hirakoba3,
author = {平木場風太 and 片山徹郎},
title = "{VDM}++仕様を対象としたテストケース自動生成ツール{BWDM}への{PICT}の適用",
journal = "宮崎大学工学部紀要 第48号",
pages = {143-148},
year = "2019"
}

@article {
hirakoba4,
author = {平木場風太 and 片山徹郎},
title = "{VDM}++仕様を対象としたテストケース自動生成ツール{BWDM}へのドメイン分析テストの適用",
journal = "ソフトウェアエンジニアリングシンポジウム 2019 論文集",
pages = {126-134},
year = "2019"
}

@article{hirakoba5,
  title={Application of Pairwise Testing into {BWDM} which is a Test Case Generation Tool for the {VDM}++ Specification},
  author={Katayama, Tetsuro and Hirakoba, Futa and Kita, Yoshihiro and Yamaba, Hisaaki and Aburada, Kentaro and Okazaki, Naonobu},
  journal={Journal of Robotics, Networking and Artificial Life},
  volume={6},
  number={3},
  pages={143--147},
  year={2019},
  publisher={Atlantis Press}
}

@article{
kikkawa,
author = "吉川祐基",
title = "{VDM}++を用いたデシジョンテーブル生成支援ツールの改良",
journal = "宮崎大学 工学部 情報システム工学科 平成25年度卒業論文",
year = "2014"
}
@article{
nishikawa2013,
author = "西川拳太、片山徹郎",
title = "{VDM}++を用いたデシジョンテーブル生成支援について",
journal = "平成25年度 電気関係学会 九州支部連合大会",
year = "2013"
}
@article{
iso96,
author = "International Organization for Standardization",
title = "{ISO/IEC JTC 1/SC 22/WG} 19",
journal = "Information technology -- Programming languages, their environments and system software interfaces -- Vienna Development Method -- Specification Language -- Part 1: Base language",
year = "1996"
}
@article{
    vdmjReference,
    author = "Nick Battle",
    title = "VDMJ Design Specification",
    journal = "Fujitsu Services",
    year = "2011"
}
@article{
    symbolic,
    author ="James C. King",
    title="Symbolic Execution and Program Testing",
    journal="Communications of the ACM",
    year="1976"
}


@article{
    takamatsu,
    author = "高松宏樹 and 佐藤晴彦 and 小山聡 and 栗原正仁",
    title = "動的記号実行によるメソッドの複雑度を考慮したテストケース自動生成",
    journal="情報処理学会研究報告 Vol.2014-SE-185, No.27 pp. 1-7",
    year="2014"
}

@article{
    seeker,
    author = "Suresh Thummalapenta and Tao Xie and Nikolai Tillmann and Jonathan de Halleux and Zhendong Su",
    title = "Synthesizing Method Sequences for High-Coverage Testing",
    journal = "SIGPLAN Notices, Vol.46, No.10, pp.189-206",
    year="2011"
}

@article {
    miyamoto,
    title = "Daikon生成表明改善のためのテストケース自動生成手法とその評価実験",
    author = "宮本敬三 and 堀直哉 and 岡野浩三 and 楠本真二",
    journal = "コンピュータソフトウェア, Vol.28, No.4, pp.306-317",
    year = "2010"
}

@article {
    assertionProblem,
    author = "J.W. Nimmer and M. D. Ernst",
    title = "Static Verification of Dynamically Detected Program Invariants: Integrating Faikon and ESC/Java",
    journal = "Proceeding of First Workshop on Runtime Verification, RV 2001, pp. 152-171",
    year = "2001"
}

@article{over3fact,
author = {Kuhn, D. and Wallace, Dolores and Jr, A.M.},
year = {2004},
pages = {418 - 421},
title = {Software Fault Interactions and Implications for Software Testing},
volume = {30},
journal = {Software Engineering, IEEE Transactions on},
doi = {10.1109/TSE.2004.24}
}

@article{sekkeiModel,
  title={ドメインテスト技法に基づく網羅的なテストデータ自動生成手法の提案},
  author={丹野治門 and 張暁晶},
  journal={研究報告ソフトウェア工学 (SE)},
  volume={2014},
  number={6},
  pages={1--8},
  year={2014}
}

@inproceedings{pairwise,
  title={In-parameter-order: A test generation strategy for pairwise testing},
  author={Lei, Yu and Tai, Kuo-Chung},
  booktitle={Proceedings Third IEEE International High-Assurance Systems Engineering Symposium (Cat. No. 98EX231)},
  pages={254--261},
  year={1998},
  organization={IEEE}
}

%%%%%%%%%%%%%%%%%%%%%%%%%%%%%%%%%%%%%%%
%書籍
%%%%%%%%%%%%%%%%%%%%%%%%%%%%%%%%%%%%%%
@book{
    sqbok,
    author = "SQuBOK策定部会",
    title = "ソフトウェア品質知識体系ガイド -- SQuBOK Guide --",
    publisher = "オーム社",
    year = "2007"
}
@book{
    softwareEngineering,
    author = "ロジャー・S・プレスマン",
    title = "実践ソフトウェアエンジニアリング",
    publisher = "日科技連出版社",
    year = "2005"
}
@book{
    softwareTestTechniques,
    author = "ボーリス・バイザー",
    title = "ソフトウェアテスト技法",
    publisher = "日経BP出版センター",
    year = "1994"
}
@book{
    programSpecification,
    author = {荒木啓二郎 and 張漢明},
    title = "プログラム仕様記述論",
    publisher = "オーム社",
    year = "2002"
}
@book{
    standardtest,
    author = "Cem Kaner, Jack Falk, Hung Quoc Nguyen",
    title = "基本から学ぶソフトウェアテスト -- テストケース設計",
    pages = "122",
    publisher="日経BP社",
    year="2001"
}

@book{
    izon,
    author = {Lee Copeland (訳:宗雅彦)},
    title = "はじめて学ぶソフトウェアのテスト技法",
    publisher="日経BP社",
    year="2005"
}

%%%%%%%%%%%%%%%%%%%%%%%%%%%%%%%%%%%%%%%
%書籍の一部
%%%%%%%%%%%%%%%%%%%%%%%%%%%%%%%%%%%%%%
@inbook{
    equivalencePartitioning,
    author = "SQuBOK策定部会",
    title = "ソフトウェア品質知識体系ガイド -- SQuBOK Guide -- T:同値分割",
    pages = "260",
    publisher = "オーム社",
    year = "2007"
}
@inbook{
    boundaryValueAnalysis,
    author = "SQuBOK策定部会",
    title="ソフトウェア品質知識体系ガイド -- SQuBOK Guide -- T:境界値分析/境界値テスト",
    pages = "261",
    publisher = "オーム社",
    year = "2007"
}



%%%%%%%%%%%%%%%%%%%%%%%%%%%%%%%%%%%%%%%
%Web
%%%%%%%%%%%%%%%%%%%%%%%%%%%%%%%%%%%%%%

@misc{
    ct,
    author =	"情報処理学会",
    title ="テスト項目数を大幅に削減する「組合せテスト」の効果的活用方法",
    howpublished = {\url{http://jasst.jp/symposium/jasst13tokyo/pdf/E3-2.pdf}},
    note = {Accessed: 2020-1-22}
}

@misc{
    vdmj,
    author =	"nickbattle",
    title = "{VDMJ}",
    howpublished = {\url{https://github.com/nickbattle/vdmj}},
    note = {Accessed: 2020-1-18}
}
@misc{
z3,
author =	"Z3 Prover",
title = "{Z3}",
howpublished = {\url{https://github.com/Z3Prover/z3}},
note = {Accessed: 2020-01-18}
}
@misc{
    mizuho,
    author =	"失敗知識データベース",
    title = "失敗事例 -- みずほファイナンシャルグループ大規模システム障害",
    howpublished = {\url{http://www.shippai.org/fkd/cf/CA0000623.html}},
    note = {Accessed: 2020-1-18}
}

@misc{
vdmtools,
author ="FMVDM",
title = "{VDMTools}",
howpublished = {\url{http://fmvdm.org/vdmtools/index.html}},
note = {Accessed: 2020-1-18}
}
@misc{
overture,
author =	"The Overture Project",
title = "{Overture Tools}",
howpublished = {\url{http://overturetool.org}},
note = {Accessed: 2020-1-18}
}

@misc{
    arrayList,
    author =	"情報処理学会",
    title = "ArrayList(Java Platform SE 6)",
    howpublished = {\url{https://docs.oracle.com/javase/jp/6/api/java/util/ArrayList.html}},
    note = {Accessed: 2016-2-6}
}
@misc{
    hashMap,
    author =	"情報処理学会",
    title = "HashMap(Java Platform SE 6)",
    howpublished = {\url{https://docs.oracle.com/javase/jp/6/api/java/util/HashMap.html}},
    note = {Accessed: 2016-2-6}
}
@misc{
baba,
author =	"情報処理学会",
title = "{VDM}記述からのテストデータ生成法について",
howpublished = {\url{http://aofa.csce.kyushu-u.ac.jp/program-2015-12.php}},
note = {Accessed: 2016-2-10}
}
@misc{
nanoTime,
author =	"Oracle",
title = "クラス{System}",
howpublished = {\url{https://docs.oracle.com/javase/jp/8/docs/api/java/lang/System.html}},
note = {Accessed: 2020-1-18}
}
@misc{
csv,
author =	"情報処理学会",
title = "{CSV}ファイルフォーマットの解説：CodeZine",
howpublished = {\url{http://codezine.jp/article/detail/2364}},
note = {Accessed: 2016-2-11}
}

@misc{
    seminarFormalMethod,
    author ="IPA - 情報処理推進機構",
    title="なぜ形式手法か",
    howpublished = {\url{http://sec.ipa.go.jp/users/seminar/seminar_tokyo_20130918-1.pdf}},
    note = {Accessed: 2020-1-18}
}
@misc{
    java,
    author =	"情報処理学会",
    title = "java.com:あなたとJava",
    howpublished = {\url{https://java.com/ja/}},
    note = {Accessed: 2018-1-18}
}
@misc{
    decisionTable,
    author =	"情報処理学会",
    title="仕様記述に「デシジョンテーブル」を使ってみよう giyho.jp 技術評論社",
    howpublished = {\url{http://gihyo.jp/dev/serial/01/test_up/0005}},
    note = {Accessed: 2016-2-13}
}
@misc{
    bvaBlake,
    author = "Blake Neate",
    title = "Boundary Value Analysis",
    journal = "University of Wales Swansea",
    howpublished = {\url{http://www.cs.swan.ac.uk/~csmarkus/CS339/docs.htm}},
    note = {Accessed: 2018-1-18}
}
@misc{
    sat,
    title="{SAT}ソルバーの最新動向と利用技術",
    author={宋剛秀 and 田村直之},
    howpublished = {第19回プログラミングおよびプログラミング言語ワークショップ {PPL}2017. \url{https://ppl2017.ipl-e.ai.kyutech.ac.jp/slides/ppl2017_c4_soh.pdf}},
    note = {Accessed: 2020-1-18}
}
@misc{
    tobias,
    author = "Olivier Maury、Yves Ledru、Pierre Bountron and Lydie du Bousquet",
    title = "Using TOBIAS for the automatic geneeration of VDM test cases",
    journal = "Laboratoire Logiciels, Systemes Reseaux -- IMAG",
    howpublished = {\url{http://vasco.imag.fr/Tobias/Papers/vdm02tobias.pdf}},
    note = {Accessed: 2016-2-13}
}

@misc{
    pict,
    author={Microsoft},
    title = "Pairwise Independent Combinatorial Testing",
    howpublished = {\url{https://github.com/microsoft/pict}},
    note = {Accessed: 2020-1-18}
}

@misc{
    istqb,
    author={ISTQB},
    title = "ISTQB Glossary",
    howpublished = {\url{https://glossary.istqb.org}},
    note = {Accessed: 2020-1-18}
}

@misc{
    jna,
    author={java-native-access},
    title = "Java Native Access (JNA)",
    howpublished = {\url{https://github.com/java-native-access/jna}},
    note = {Accessed: 2020-1-18}
}

@misc{
    pict4java,
    author={korosuke613},
    title = "pict4java",
    howpublished = {\url{https://github.com/korosuke613/pict4java}},
    note = {Accessed: 2020-1-27}
}

@misc{
    bwdm,
    author={korosuke613},
    title = "{BWDM}: Verification tool for Vienna Development Method",
    howpublished = {\url{https://github.com/korosuke613/BWDM}},
    note = {Accessed: 2020-1-27}
}

@misc{
    kotlin,
    author={Kotlin Foundation},
    title = "Kotlin",
    howpublished = {\url{https://kotlinlang.org/}},
    note = {Accessed: 2020-1-18}
}

@misc{
    vdm,
    author={Overture Project},
    title={},
    howpublished={\url{http://overturetool.org/method/}},
    note={Accessed: 2020-1-22}
}

@misc{
    vdm_manual,
    author={Overture Project},
    title = "Manuals",
    howpublished = {\url{http://overturetool.org/documentation/manuals.html}},
    note = {Accessed: 2020-1-19}
}

@misc{
    factor_level,
    author={五味 弘 and 辻村 浩 and 小池 宏道},
    title = "直交表とオールペア法の並行運用によるソフトウェアテスト",
    howpublished = {{JaSST}'14 Tokyo. \url{http://jasst.jp/symposium/jasst14tokyo/pdf/C4-1-1.pdf}},
    note = {Accessed: 2020-1-19}
}


